<?xml version="1.0" encoding="UTF-8"?>
<Document xmlns="urn:iso:std:iso:20022:tech:xsd:camt.053.001.02">
    <BkToCstmrAcctRpt>
        <GrpHdr>
            <MsgId>HELIX-CAMT053-001</MsgId>
            <CreDtTm>2025-08-11T13:30:00</CreDtTm>
        </GrpHdr>
        <Rpt>
            <Id>RPT-001</Id>
            <Acct>
                <Id>
                    <IBAN>CH9300762011623852957</IBAN>
                </Id>
                <Ccy>CHF</Ccy>
            </Acct>
            <Bal>
                <Tp>
                    <CdOrPrtry>
                        <Cd>OPBD</Cd>
                    </CdOrPrtry>
                </Tp>
                <Amt Ccy="CHF">15000.00</Amt>
                <CdtDbtInd>CRDT</CdtDbtInd>
                <Dt>
                    <Dt>2025-08-11</Dt>
                </Dt>
            </Bal>
            <Stmt>
                <Id>STMT-001</Id>
                <CreDtTm>2025-08-11T13:30:00</CreDtTm>
                <Ntry>
                    <Amt Ccy="CHF">2500.00</Amt>
                    <CdtDbtInd>CRDT</CdtDbtInd>
                    <BookgDt>
                        <Dt>2025-08-11</Dt>
                    </BookgDt>
                    <ValDt>
                        <Dt>2025-08-11</Dt>
                    </ValDt>
                    <AcctSvcrRef>TXN-001</AcctSvcrRef>
                    <RmtInf>
                        <Ustrd>Swiss Bank Transfer - Salary Payment</Ustrd>
                    </RmtInf>
                </Ntry>
                <Ntry>
                    <Amt Ccy="CHF">500.00</Amt>
                    <CdtDbtInd>DBIT</CdtDbtInd>
                    <BookgDt>
                        <Dt>2025-08-11</Dt>
                    </BookgDt>
                    <ValDt>
                        <Dt>2025-08-11</Dt>
                    </ValDt>
                    <AcctSvcrRef>TXN-002</AcctSvcrRef>
                    <RmtInf>
                        <Ustrd>Office Rent Payment</Ustrd>
                    </RmtInf>
                </Ntry>
            </Stmt>
        </Rpt>
    </BkToCstmrAcctRpt>
</Document>
